<collection xmlns="http://www.loc.gov/MARC21/slim">
<record>
  <leader>00999nam0a22002291i 450 </leader>
  <controlfield tag="001">IT\ICCU\CNCE\035374</controlfield>
  <controlfield tag="005">20040427000000.0</controlfield>
  <datafield tag="100" ind1=" " ind2=" ">
    <subfield code="a">19980112f1505        0itac0103    ba</subfield>
  </datafield>
  <datafield tag="101" ind1=" " ind2=" ">
    <subfield code="a">LAT</subfield>
  </datafield>
  <datafield tag="102" ind1=" " ind2=" ">
    <subfield code="a">IT</subfield>
  </datafield>
  <datafield tag="200" ind1="1" ind2=" ">
    <subfield code="a">Statuta tam de regimine potestatis quam ciuilia et criminalia regiae et vrbis excelse Papie</subfield>
  </datafield>
  <datafield tag="210" ind1=" " ind2=" ">
    <subfield code="a">\Papie</subfield>
    <subfield code="c">impressa impensa et opera magistrorum Jacob de Burgofrancho et Philippi de Cassano</subfield>
    <subfield code="d">die primo augusti 1505!</subfield>
  </datafield>
  <datafield tag="215" ind1=" " ind2=" ">
    <subfield code="a">4ʻ</subfield>
  </datafield>
  <datafield tag="620" ind1=" " ind2=" ">
    <subfield code="a">IT</subfield>
    <subfield code="d">Pavia</subfield>
  </datafield>
  <datafield tag="710" ind1="0" ind2="2">
    <subfield code="a">Pavia</subfield>
    <subfield code="3">9159</subfield>
  </datafield>
  <datafield tag="712" ind1="0" ind2="0">
    <subfield code="a">Pocatela, Giacomo &amp; Mantegazza, Filippo</subfield>
    <subfield code="3">IT\ICCU\CNCT\002770</subfield>
    <subfield code="4">650</subfield>
  </datafield>
  <datafield tag="791" ind1="0" ind2="2">
    <subfield code="a">Civitas Papiae</subfield>
    <subfield code="3">21662</subfield>
    <subfield code="z">Pavia</subfield>
  </datafield>
  <datafield tag="791" ind1="0" ind2="2">
    <subfield code="a">Papia</subfield>
    <subfield code="3">21663</subfield>
    <subfield code="z">Pavia</subfield>
  </datafield>
  <datafield tag="791" ind1="0" ind2="0">
    <subfield code="a">Mantegazza, Filippo</subfield>
    <subfield code="3">IT\ICCU\CNCT\002771</subfield>
    <subfield code="z">Pocatela, Giacomo &amp; Mantegazza, Filippo</subfield>
  </datafield>
  <datafield tag="791" ind1="0" ind2="0">
    <subfield code="a">Burgofrancho, Iacob de &amp; Cassano, Philippus de</subfield>
    <subfield code="3">IT\ICCU\CNCT\004055</subfield>
    <subfield code="z">Pocatela, Giacomo &amp; Mantegazza, Filippo</subfield>
  </datafield>
  <datafield tag="801" ind1=" " ind2="3">
    <subfield code="a">IT</subfield>
    <subfield code="b">ICCU</subfield>
    <subfield code="c">20201114</subfield>
  </datafield>
  <datafield tag="899" ind1=" " ind2=" ">
    <subfield code="a">Biblioteca francescano-cappuccina provinciale. Milano</subfield>
    <subfield code="1">MI0183</subfield>
    <subfield code="2">ZMI 51</subfield>
  </datafield>
</record>
</collection>
